@Standard{Fiscon2020,
  title  = {SAveRUNNER},
  author = {Giulia Fiscon, Federica Conte, Paola Paci},
  url    = {https://github.com/sportingCode/SAveRUNNER},
  year   = {2020},
}

@Article{Shannon2003,
  author    = {Paul Shannon and Andrew Markiel and Owen Ozier and Nitin S. Baliga and Jonathan T. Wang and Daniel Ramage and Nada Amin and Benno Schwikowski and Trey Ideker},
  journal   = {Genome Research},
  title     = {Cytoscape: A Software Environment for Integrated Models of Biomolecular Interaction Networks},
  year      = {2003},
  month     = {nov},
  number    = {11},
  pages     = {2498--2504},
  volume    = {13},
  doi       = {10.1101/gr.1239303},
  publisher = {Cold Spring Harbor Laboratory},
}

@Article{Fiscon2021,
  author    = {Giulia Fiscon and Paola Paci},
  journal   = {{BMC} Bioinformatics},
  title     = {{SAveRUNNER}: an R-based tool for drug repurposing},
  year      = {2021},
  month     = {mar},
  number    = {1},
  volume    = {22},
  doi       = {10.1186/s12859-021-04076-w},
  publisher = {Springer Science and Business Media {LLC}},
}

@Article{Kirtipal_2020,
  author           = {Nikhil Kirtipal and Shiv Bharadwaj and Sang Gu Kang},
  journal          = {Infection, Genetics and Evolution},
  title            = {From {SARS} to {SARS}-{CoV}-2, insights on structure, pathogenicity and immunity aspects of pandemic human coronaviruses},
  year             = {2020},
  month            = {nov},
  pages            = {104502},
  volume           = {85},
  creationdate     = {2021-12-21T14:01:29},
  doi              = {10.1016/j.meegid.2020.104502},
  modificationdate = {2021-12-21T14:01:29},
  publisher        = {Elsevier {BV}},
}

@Article{Mathieu2021,
  author           = {Mathieu, E and Ritchie, H and Ortiz-Ospina, E et al.},
  journal          = {Nat Hum Behav},
  title            = {A global database of COVID-19 vaccinations},
  year             = {2021},
  creationdate     = {2021-12-21T14:06:09},
  date             = {2021},
  modificationdate = {2021-12-21T14:06:36},
}

@Article{Yi_2020,
  author           = {Ye Yi and Philip N.P. Lagniton and Sen Ye and Enqin Li and Ren-He Xu},
  journal          = {International Journal of Biological Sciences},
  title            = {{COVID}-19: what has been learned and to be learned about the novel coronavirus disease},
  year             = {2020},
  number           = {10},
  pages            = {1753--1766},
  volume           = {16},
  creationdate     = {2021-12-21T14:42:39},
  doi              = {10.7150/ijbs.45134},
  modificationdate = {2021-12-21T14:42:39},
  publisher        = {Ivyspring International Publisher},
}

@Article{Ahmadi_2021,
  author           = {Khadijeh Ahmadi and Farnaz Zahedifard and Ladan Mafakher and Mohammad Ali Einakian and Tayebeh Ghaedi and Soudabeh Kavousipour and Sobhan Faezi and Afsaneh karmostaji and Khojasteh Sharifi-Sarasiabi and Hamed Gouklani and Mehdi Hassaniazad},
  journal          = {Chemical Biology {\&} Drug Design},
  title            = {Active site-based analysis of structural proteins for drug targets in different human Coronaviruses},
  year             = {2021},
  month            = {dec},
  creationdate     = {2021-12-21T15:45:32},
  doi              = {10.1111/cbdd.14004},
  modificationdate = {2021-12-21T15:45:32},
  publisher        = {Wiley},
}

@Article{Bartoli_2021,
  author           = {Alessandra Bartoli and Filippo Gabrielli and Tatiana Alicandro and Fabio Nascimbeni and Pietro Andreone},
  journal          = {Internal and Emergency Medicine},
  title            = {{COVID}-19 treatment options: a difficult journey between failed attempts and experimental drugs},
  year             = {2021},
  month            = {jan},
  number           = {2},
  pages            = {281--308},
  volume           = {16},
  creationdate     = {2021-12-21T15:53:54},
  doi              = {10.1007/s11739-020-02569-9},
  modificationdate = {2021-12-21T15:53:54},
  publisher        = {Springer Science and Business Media {LLC}},
}

@Article{Mohamed_2021,
  author           = {Kawthar Mohamed and Niloufar Yazdanpanah and Amene Saghazadeh and Nima Rezaei},
  journal          = {Bioorganic Chemistry},
  title            = {Computational drug discovery and repurposing for the treatment of {COVID}-19: A systematic review},
  year             = {2021},
  month            = {jan},
  pages            = {104490},
  volume           = {106},
  creationdate     = {2021-12-21T16:24:54},
  doi              = {10.1016/j.bioorg.2020.104490},
  modificationdate = {2021-12-21T16:24:54},
  publisher        = {Elsevier {BV}},
}

@Article{Sreekanth_Reddy_2020,
  author           = {Obireddy Sreekanth Reddy and Wing-Fu Lai},
  journal          = {{ChemBioChem}},
  title            = {Tackling {COVID}-19 Using Remdesivir and Favipiravir as Therapeutic Options},
  year             = {2020},
  month            = {nov},
  number           = {6},
  pages            = {939--948},
  volume           = {22},
  creationdate     = {2021-12-21T16:25:07},
  doi              = {10.1002/cbic.202000595},
  modificationdate = {2021-12-21T16:25:07},
  publisher        = {Wiley},
}

@Article{Ghasemnejad_Berenji_2020,
  author           = {Morteza Ghasemnejad-Berenji and Sarvin Pashapour},
  journal          = {Drug Research},
  title            = {Favipiravir and {COVID}-19: A Simplified Summary},
  year             = {2020},
  month            = {nov},
  number           = {03},
  pages            = {166--170},
  volume           = {71},
  creationdate     = {2021-12-21T16:25:58},
  doi              = {10.1055/a-1296-7935},
  modificationdate = {2021-12-21T16:25:58},
  publisher        = {Georg Thieme Verlag {KG}},
}

@Article{Holshue_2020,
  author           = {Michelle L. Holshue and Chas DeBolt and Scott Lindquist and Kathy H. Lofy and John Wiesman and Hollianne Bruce and Christopher Spitters and Keith Ericson and Sara Wilkerson and Ahmet Tural and George Diaz and Amanda Cohn and LeAnne Fox and Anita Patel and Susan I. Gerber and Lindsay Kim and Suxiang Tong and Xiaoyan Lu and Steve Lindstrom and Mark A. Pallansch and William C. Weldon and Holly M. Biggs and Timothy M. Uyeki and Satish K. Pillai},
  journal          = {New England Journal of Medicine},
  title            = {First Case of 2019 Novel Coronavirus in the United States},
  year             = {2020},
  month            = {mar},
  number           = {10},
  pages            = {929--936},
  volume           = {382},
  creationdate     = {2021-12-21T16:52:25},
  doi              = {10.1056/nejmoa2001191},
  modificationdate = {2021-12-21T16:52:25},
  publisher        = {Massachusetts Medical Society},
}

@Article{Plasencia_Garc_a_2021,
  author           = {Beatriz Oda Plasencia-García and Gonzalo Rodr{\'{\i}}guez-Men{\'{e}}ndez and Mar{\'{\i}}a Isabel Rico-Rangel and Ana Rubio-Garc{\'{\i}}a and Jaime Torell{\'{o}}-Iserte and Benedicto Crespo-Facorro},
  journal          = {Psychopharmacology},
  title            = {Drug-drug interactions between {COVID}-19 treatments and antipsychotics drugs: integrated evidence from 4 databases and a systematic review},
  year             = {2021},
  month            = {jan},
  number           = {2},
  pages            = {329--340},
  volume           = {238},
  creationdate     = {2021-12-21T16:59:50},
  doi              = {10.1007/s00213-020-05716-4},
  modificationdate = {2021-12-21T19:46:11},
  publisher        = {Springer Science and Business Media {LLC}},
}

@Article{Stasi_2020,
  author           = {Cristina Stasi and Silvia Fallani and Fabio Voller and Caterina Silvestri},
  journal          = {European Journal of Pharmacology},
  title            = {Treatment for {COVID}-19: An overview},
  year             = {2020},
  month            = {dec},
  pages            = {173644},
  volume           = {889},
  creationdate     = {2021-12-21T17:04:58},
  doi              = {10.1016/j.ejphar.2020.173644},
  modificationdate = {2021-12-21T17:04:58},
  publisher        = {Elsevier {BV}},
}

@Article{Ong_2020,
  author           = {Wei-Yi Ong and Mei-Lin Go and De-Yun Wang and Irwin Kee-Mun Cheah and Barry Halliwell},
  journal          = {Molecular Neurobiology},
  title            = {Effects of Antimalarial Drugs on Neuroinflammation-Potential Use for Treatment of {COVID}-19-Related Neurologic Complications},
  year             = {2020},
  month            = {sep},
  number           = {1},
  pages            = {106--117},
  volume           = {58},
  creationdate     = {2021-12-21T17:06:04},
  doi              = {10.1007/s12035-020-02093-z},
  modificationdate = {2021-12-21T17:06:04},
  publisher        = {Springer Science and Business Media {LLC}},
}

@Article{Saeed_2021,
  author           = {Haitham Saeed and Hasnaa Osama and Yasmin M. Madney and Hadeer S. Harb and Mona A. Abdelrahman and Carsten Ehrhardt and Mohamed E. A. Abdelrahim},
  journal          = {International Journal of Clinical Practice},
  title            = {COVID-19; current situation and recommended interventions},
  year             = {2021},
  month            = {jan},
  number           = {5},
  volume           = {75},
  creationdate     = {2021-12-21T17:09:30},
  doi              = {10.1111/ijcp.13886},
  modificationdate = {2021-12-21T17:13:15},
  publisher        = {Wiley},
}

@Article{Echeverr_a_Esnal_2020,
  author           = {Daniel Echeverría-Esnal and Clara Martin-Ontiyuelo and Mar{\'{\i}}a Eugenia Navarrete-Rouco and Marta De-Antonio Cusc{\'{o}} and Olivia Ferr{\'{a}}ndez and Juan Pablo Horcajada and Santiago Grau},
  journal          = {Expert Review of Anti-infective Therapy},
  title            = {Azithromycin in the treatment of {COVID}-19: a review},
  year             = {2020},
  month            = {oct},
  number           = {2},
  pages            = {147--163},
  volume           = {19},
  creationdate     = {2021-12-21T17:18:54},
  doi              = {10.1080/14787210.2020.1813024},
  modificationdate = {2021-12-21T19:46:04},
  publisher        = {Informa {UK} Limited},
}

@Article{Boozari_2020,
  author           = {Motahareh Boozari and Hossein Hosseinzadeh},
  journal          = {Phytotherapy Research},
  title            = {Natural products for {COVID} -19 prevention and treatment regarding to previous coronavirus infections and novel studies},
  year             = {2020},
  month            = {sep},
  number           = {2},
  pages            = {864--876},
  volume           = {35},
  creationdate     = {2021-12-21T18:25:16},
  doi              = {10.1002/ptr.6873},
  modificationdate = {2021-12-21T18:25:16},
  publisher        = {Wiley},
}

@Article{Adhikari_2020,
  author           = {Bikash Adhikari and Bishnu P. Marasini and Binod Rayamajhee and Bibek Raj Bhattarai and Ganesh Lamichhane and Karan Khadayat and Achyut Adhikari and Santosh Khanal and Niranjan Parajuli},
  journal          = {Phytotherapy Research},
  title            = {Potential roles of medicinal plants for the treatment of viral diseases focusing on {COVID} -19: A review},
  year             = {2020},
  month            = {oct},
  number           = {3},
  pages            = {1298--1312},
  volume           = {35},
  creationdate     = {2021-12-21T18:25:33},
  doi              = {10.1002/ptr.6893},
  modificationdate = {2021-12-21T18:25:33},
  publisher        = {Wiley},
}

@Article{Zhou_2022,
  author           = {Zhou, Y and Zhang, Y and Lian, X and . and Zhu, F and * and Qiu* & Y, Y and Chen, *},
  journal          = {Nucleic Acids Research},
  title            = {Therapeutic target database update 2022: facilitating drug discovery with enriched comparative data of targeted agents},
  year             = {2022},
  creationdate     = {2021-12-21T19:29:46},
  doi              = {10.1093/nar/gkab953},
  modificationdate = {2021-12-21T19:32:17},
}

@Article{Wishart2017,
  author           = {Wishart, David and Feunang, Yannick and Guo, An and Lo, Elvis and Marcu, Ana and Grant, Jason and Sajed, Tanvir and Johnson, Daniel and Li, Carin and Sayeeda, Zinat and Assempour, Nazanin and Iynkkaran, Ithayavani and Liu, Yifeng and Maciejewski, Adam and Gale, Nicola and Wilson, Alex and Chin, Lucy and Cummings, Ryan and Le, Diana and Pon, Allison and Knox, Craig and Wilson, Michael},
  journal          = {Nucleic Acids Research},
  title            = {DrugBank 5.0: a major update to the DrugBank database for 2018},
  year             = {2017},
  month            = {11},
  number           = {D1},
  pages            = {D1074-D1082},
  volume           = {46},
  creationdate     = {2021-12-21T19:38:21},
  date             = {2017-11-08},
  day              = {8},
  doi              = {10.1093/nar/gkx1037},
  modificationdate = {2021-12-21T19:38:21},
  publisher        = {Oxford University Press (OUP)},
}

@Article{Kim_2021,
  author           = {Hong-Bae Kim and Jung-Ha Kim and Bethany J. Wolf},
  journal          = {European Journal of Clinical Pharmacology},
  title            = {Acid suppressant use in association with incidence and severe outcomes of {COVID}-19: a systematic review and meta-analysis},
  year             = {2021},
  month            = {nov},
  creationdate     = {2021-12-21T21:47:02},
  doi              = {10.1007/s00228-021-03255-1},
  modificationdate = {2021-12-21T21:47:02},
  publisher        = {Springer Science and Business Media {LLC}},
}

@Article{Chiu_2021,
  author           = {Leonard Chiu and Max Shen and Chun-Han Lo and Nicholas Chiu and Austin Chen and Hyun Joon Shin and Elizabeth Horn Prsic and Chin Hur and Ronald Chow and Benjamin Lebwohl},
  journal          = {{PLOS} {ONE}},
  title            = {Effect of famotidine on hospitalized patients with {COVID}-19: A systematic review and meta-analysis},
  year             = {2021},
  month            = {nov},
  number           = {11},
  pages            = {e0259514},
  volume           = {16},
  creationdate     = {2021-12-21T21:47:56},
  doi              = {10.1371/journal.pone.0259514},
  editor           = {Tai-Heng Chen},
  modificationdate = {2021-12-21T21:47:56},
  publisher        = {Public Library of Science ({PLoS})},
}

@Article{Taurino_2021,
  author           = {Daniela Taurino and Marco Frigeni and Anna Grassi and Gianluca Cavallaro and Silvia Salmoiraghi and Orietta Spinelli and Alessandro Rambaldi and Federico Lussana},
  journal          = {Mediterranean Journal of Hematology and Infectious Diseases},
  title            = {Concurrent diagnosis of acute myeloid leukemia and symptomatic {COVID}-19 infection: a case report successfully treated with Azacitidine-Venetoclax combination},
  year             = {2021},
  month            = {aug},
  number           = {1},
  pages            = {e2021057},
  volume           = {13},
  creationdate     = {2021-12-21T21:58:12},
  doi              = {10.4084/mjhid.2021.057},
  modificationdate = {2021-12-21T21:58:12},
  publisher        = {Institute of Hematology, Catholic University},
}

@Article{Ragan_2020,
  author           = {Izabela Ragan and Lindsay Hartson and Heather Pidcoke and Richard Bowen and Raymond Goodrich},
  journal          = {{PLOS} {ONE}},
  title            = {Pathogen reduction of {SARS}-{CoV}-2 virus in plasma and whole blood using riboflavin and {UV} light},
  year             = {2020},
  month            = {may},
  number           = {5},
  pages            = {e0233947},
  volume           = {15},
  creationdate     = {2021-12-21T22:05:59},
  doi              = {10.1371/journal.pone.0233947},
  editor           = {Luisa Gregori},
  modificationdate = {2021-12-21T22:05:59},
  publisher        = {Public Library of Science ({PLoS})},
}

@Article{Yonemura_2021,
  author           = {Susan Yonemura and Lindsay Hartson and Taru S. Dutt and Marcela Henao-Tamayo and Raymond Goodrich and Susanne Marschner},
  journal          = {Vox Sanguinis},
  title            = {Preservation of neutralizing antibody function in {COVID}-19 convalescent plasma treated using a riboflavin and ultraviolet light-based pathogen reduction technology},
  year             = {2021},
  month            = {apr},
  number           = {10},
  pages            = {1076--1083},
  volume           = {116},
  creationdate     = {2021-12-21T22:06:07},
  doi              = {10.1111/vox.13108},
  modificationdate = {2021-12-21T22:06:07},
  publisher        = {Wiley},
}

@Article{Popa_2021,
  author           = {Daniela-Saveta Popa and Galya Bigman and Marius Emil Rusu},
  journal          = {Antioxidants},
  title            = {The Role of Vitamin K in Humans: Implication in Aging and Age-Associated Diseases},
  year             = {2021},
  month            = {apr},
  number           = {4},
  pages            = {566},
  volume           = {10},
  creationdate     = {2021-12-21T22:16:20},
  doi              = {10.3390/antiox10040566},
  modificationdate = {2021-12-21T22:16:20},
  publisher        = {{MDPI} {AG}},
}

@Article{Dofferhoff_2020,
  author           = {Anton S M Dofferhoff and Ianthe Piscaer and Leon J Schurgers and Margot P J Visser and Jody M W van den Ouweland and Pim A de Jong and Reinoud Gosens and Tilman M Hackeng and Henny van Daal and Petra Lux and Cecile Maassen and Esther G A Karssemeijer and Cees Vermeer and Emiel F M Wouters and Loes E M Kistemaker and Jona Walk and Rob Janssen},
  journal          = {Clinical Infectious Diseases},
  title            = {Reduced Vitamin K Status as a Potentially Modifiable Risk Factor of Severe Coronavirus Disease 2019},
  year             = {2020},
  month            = {aug},
  number           = {11},
  pages            = {e4039--e4046},
  volume           = {73},
  creationdate     = {2021-12-21T22:16:28},
  doi              = {10.1093/cid/ciaa1258},
  modificationdate = {2021-12-21T22:16:28},
  publisher        = {Oxford University Press ({OUP})},
}

@Comment{jabref-meta: databaseType:bibtex;}
